<?xml version="1.0" encoding="UTF-8"?><collection><record><leader>05615ntm a2200589 a 4500</leader><controlfield tag="001">006804836</controlfield><controlfield tag="003">MiAaHDL</controlfield><controlfield tag="005">20190719000000.0</controlfield><controlfield tag="006">m        d        </controlfield><controlfield tag="007">cr bn ---auaua</controlfield><controlfield tag="008">090529s15uu    xx            00| ||ara d</controlfield><datafield tag="035" ind1=" " ind2=" "><subfield code="a">(MiU)006804836</subfield></datafield><datafield tag="035" ind1=" " ind2=" "><subfield code="a">sdr-miu006804836</subfield></datafield><datafield tag="040" ind1=" " ind2=" "><subfield code="a">MiU</subfield><subfield code="c">MiU</subfield><subfield code="e">amremm</subfield></datafield><datafield tag="043" ind1=" " ind2=" "><subfield code="a">n-us-mi</subfield></datafield><datafield tag="100" ind1="1" ind2=" "><subfield code="6">880-01</subfield><subfield code="a">Ibn al-Sāʻātī, Aḥmad ibn ʻAlī,</subfield><subfield code="d">1254-1294 or 1295.</subfield></datafield><datafield tag="240" ind1="1" ind2="0"><subfield code="6">880-02</subfield><subfield code="a">Sharḥ Majmaʻ al-baḥrayn.</subfield><subfield code="n">juzʼ 1</subfield></datafield><datafield tag="245" ind1="1" ind2="3"><subfield code="6">880-03</subfield><subfield code="a">[al-Juzʼ al-awwal min Sharḥ Majmaʻ al-baḥrayn,</subfield><subfield code="f">15th century?].</subfield></datafield><datafield tag="246" ind1="3" ind2=" "><subfield code="i">Title from inscription at opening (p.4):</subfield><subfield code="a">هذا كتاب شرح لمجمع البحرين للمصنف</subfield></datafield><datafield tag="246" ind1="3" ind2=" "><subfield code="i">Title from inscription on upper board lining:</subfield><subfield code="a">شرح مجمع البحرين</subfield></datafield><datafield tag="260" ind1=" " ind2=" "><subfield code="c">[14--?].</subfield></datafield><datafield tag="300" ind1=" " ind2=" "><subfield code="a">187 leaves :</subfield><subfield code="b">paper ;</subfield><subfield code="c">265 x 190 (205-225 x 140-145) mm.</subfield></datafield><datafield tag="500" ind1=" " ind2=" "><subfield code="a">Shelfmark: Ann Arbor, University of Michigan, Special Collections Library, Isl. Ms. 549</subfield></datafield><datafield tag="500" ind1=" " ind2=" "><subfield code="a">Origin: Lacks dated colophon ; paper, etc. would suggest 15th century.</subfield></datafield><datafield tag="500" ind1=" " ind2=" "><subfield code="a">Accompanying materials: a. Acquisitions slip from Yahuda -- b. Slip with title (paginated pp.61-62).</subfield></datafield><datafield tag="500" ind1=" " ind2=" "><subfield code="a">Former shelfmark: From interior of upper cover and spine label "IL 216a" (likely supplied by Yahuda, see acquisitions slip).</subfield></datafield><datafield tag="500" ind1=" " ind2=" "><subfield code="a">Binding: Pasteboards covered in brown and cream mottled paper (sponge painted or faux marbled look) with dark teal cloth over spine and fore edge flap ; Type II binding (with flap) ; board linings in indigo wove paper ; now sewn in white thread, six stations ; patterned stuck-on endbands ; overall in fair condition with minor abrasion, delamination of boards at corners, spine slant (slightly cocked), etc.</subfield></datafield><datafield tag="500" ind1=" " ind2=" "><subfield code="a">Support: non-European (likely Arab) laid paper with 8 laid lines per cm. (horizontal) and chain lines (vertical) likely grouped in threes with 8-12 mm. between chains and 42-50 mm. between groups (see p.92, 164, 166, 258, etc.) ; sturdy and quite well-burnished to glossy, somewhat cloudy formation with some inclusions.</subfield></datafield><datafield tag="500" ind1=" " ind2=" "><subfield code="a">Decoration: Some section headings rubricated.</subfield></datafield><datafield tag="500" ind1=" " ind2=" "><subfield code="a">Script: Naskh ; elegant, small, compact Turkish or 'Syrian' hand ; serifless with curvilinear descenders (some sweeping), only casually pointed with pointing in strokes rather than distinct dots, elongation of horizontal strokes, occasional effect of words descending to baseline, point of final nūn set deep in bowl, kāf mashqūqah preferred (even final kāf).</subfield></datafield><datafield tag="500" ind1=" " ind2=" "><subfield code="a">Layout: Written in 29 to 31 lines per page.</subfield></datafield><datafield tag="500" ind1=" " ind2=" "><subfield code="a">Collation: 18 IV(144), IV+1 (153), IV (161), V (171), 2 IV(187), i ; chiefly quaternions ; leaf split in the 19th quire (see pp.296-297) and text supplied (in a different hand) on the interior ; catchwords present but usually cut off (i.e. lost to trimming) ; foliation in black ink, Hindu-Arabic numerals ; pagination in pencil, Western numerals, supplied during digitization (includes insert).</subfield></datafield><datafield tag="500" ind1=" " ind2=" "><subfield code="a">Explicit: "اما ههنا فالشيوع لا ينفك عن الثلث الموهوب ولا عن الثلثين فلا ينفك"</subfield></datafield><datafield tag="500" ind1=" " ind2=" "><subfield code="a">Incipit: "الحمد لله وسلام على عباده الذين اصطفى اما بعد فانه لما كان علم الفقه من اشرف ما نيطت به عزائم ذوي الهمم ... جمعت كتابا وسميته بمجمع البرحين وملتقى النيرين ... كان السيد الامير المعظم ... شرف آل عباس عبد الله بن الامير ابي هاشم يوسف ابن الامير ابي قاسم عبد العزيز بن الامام ابي جعفر المستنصر بالله امير المؤمنين ... استدعني بان امل له شرحا مختصرا يهدي ..."</subfield></datafield><datafield tag="500" ind1=" " ind2=" "><subfield code="a">Title supplied by cataloguer.</subfield></datafield><datafield tag="500" ind1=" " ind2=" "><subfield code="a">Ms. codex.</subfield></datafield><datafield tag="510" ind1="4" ind2=" "><subfield code="a">Humbert, G. "Papiers non-filigranés utilisés au proche-orient jusqu’en 1450: essai en typologie." Journal asiatique, 286, no.1 (1998): 1-54.</subfield></datafield><datafield tag="510" ind1="4" ind2=" "><subfield code="a">Ḥājjī Khalīfah. Kashf al-ẓunūn,</subfield><subfield code="c">v 396 ff.</subfield></datafield><datafield tag="510" ind1="4" ind2=" "><subfield code="a">Brockelmann, C. GAL,</subfield><subfield code="c">I 382-3</subfield></datafield><datafield tag="520" ind1="8" ind2=" "><subfield code="a">Fine copy of the first part (from Kitāb al-Ṭahārah to Kitāb al-Hibah) of Muẓaffar al-Dīn Aḥmad ibn ʻAlī Ibn al-Sāʻātī’s commentary on his own compendium of Ḥanafī law, based on the Mukhtaṣar of al-Qudūrī (d.1037) and the Manẓūmah of al-Nasafī (d.1142). Incomplete, ending abruptly before the conclusion of Kitāb al-Hibah. Contents listing on opening leaf (p.1).</subfield></datafield><datafield tag="538" ind1=" " ind2=" "><subfield code="a">Mode of access: Internet.</subfield></datafield><datafield tag="541" ind1=" " ind2=" "><subfield code="a">Acquired in 1926 from the bookseller Isaac Benjamin S.E. Yahuda via purchase transacted on his behalf by Abraham Shalom Yahuda (1877-1951), his younger brother.</subfield></datafield><datafield tag="546" ind1=" " ind2=" "><subfield code="a">Arabic.</subfield></datafield><datafield tag="561" ind1=" " ind2=" "><subfield code="a">At head of incipit facing page (p.5), brief waqf statement, partially effaced, reads "وقف عمر افندى" ; glosses and marginal corrections.</subfield></datafield><datafield tag="600" ind1="1" ind2="0"><subfield code="a">Ibn al-Sāʻātī, Aḥmad ibn ʻAlī,</subfield><subfield code="d">1254-1294 or 5.</subfield><subfield code="t">Majmaʻ al-baḥrayn.</subfield></datafield><datafield tag="650" ind1=" " ind2="0"><subfield code="a">Manuscripts, Arabic</subfield><subfield code="z">Michigan</subfield><subfield code="z">Ann Arbor.</subfield></datafield><datafield tag="650" ind1=" " ind2="0"><subfield code="a">Hanafites</subfield><subfield code="v">Early works to 1800.</subfield></datafield><datafield tag="650" ind1=" " ind2="0"><subfield code="a">Islamic law</subfield><subfield code="x">Interpretation and construction</subfield><subfield code="v">Early works to 1800.</subfield></datafield><datafield tag="773" ind1="0" ind2=" "><subfield code="a">Yahuda Collection.</subfield></datafield><datafield tag="880" ind1="1" ind2="2"><subfield code="6">245-03/</subfield><subfield code="a">[الجزء الاول من شرح مجمع البحرين,</subfield><subfield code="f">القرن 15م؟].</subfield></datafield><datafield tag="880" ind1="1" ind2="0"><subfield code="6">240-02/</subfield><subfield code="a">شرح مجمع البحرين.</subfield><subfield code="n">جزء 1</subfield></datafield><datafield tag="880" ind1="1" ind2=" "><subfield code="6">100-01/</subfield><subfield code="a">ابن الساعاتي، احمد بن علي.</subfield></datafield><datafield tag="CID" ind1=" " ind2=" "><subfield code="a">006804836</subfield></datafield><datafield tag="DAT" ind1="0" ind2=" "><subfield code="a">20190719102636.0</subfield><subfield code="b">20190719000000.0</subfield></datafield><datafield tag="DAT" ind1="1" ind2=" "><subfield code="a">20190719090653.0</subfield><subfield code="b">2019-07-19T16:11:56Z</subfield></datafield><datafield tag="DAT" ind1="2" ind2=" "><subfield code="a">2015-10-02T18:00:03Z</subfield></datafield><datafield tag="CAT" ind1=" " ind2=" "><subfield code="a">SDR-MIU</subfield><subfield code="d">EX LIBRIS - ALEPH</subfield><subfield code="l">prepare.pl-004-008</subfield></datafield><datafield tag="FMT" ind1=" " ind2=" "><subfield code="a">BK</subfield></datafield><datafield tag="HOL" ind1=" " ind2=" "><subfield code="0">sdr-miu006804836</subfield><subfield code="a">MiU</subfield><subfield code="b">SDR</subfield><subfield code="c">MIU</subfield><subfield code="p">mdp.39015079126937</subfield><subfield code="s">MIU</subfield><subfield code="1">006804836</subfield></datafield><datafield tag="974" ind1=" " ind2=" "><subfield code="b">MIU</subfield><subfield code="c">MIU</subfield><subfield code="d">20190719</subfield><subfield code="s">lit-dlps-dc</subfield><subfield code="u">mdp.39015079126937</subfield><subfield code="y">1599</subfield><subfield code="r">pd</subfield><subfield code="q">bib</subfield><subfield code="t">non-US bib date1 &lt; 1879</subfield></datafield></record></collection>